@misc{samek2015evaluating,
      title={Evaluating the visualization of what a Deep Neural Network has learned}, 
      author={Wojciech Samek and Alexander Binder and Grégoire Montavon and Sebastian Bach and Klaus-Robert Müller},
      year={2015},
      eprint={1509.06321},
      archivePrefix={arXiv},
      primaryClass={cs.CV}
}
