@article{AbuHmed2008,
  author    = {Tamer AbuHmed and
               Abedelaziz Mohaisen and
               DaeHun Nyang},
  title     = {A Survey on Deep Packet Inspection for Intrusion Detection Systems},
  journal   = {CoRR},
  volume    = {abs/0803.0037},
  year      = {2008},
  url       = {http://arxiv.org/abs/0803.0037},
  archivePrefix = {arXiv},
  eprint    = {0803.0037},
  timestamp = {Mon, 13 Aug 2018 16:47:55 +0200},
  biburl    = {https://dblp.org/rec/journals/corr/abs-0803-0037.bib},
  bibsource = {dblp computer science bibliography, https://dblp.org}
}
@article{cloudflareforrester,
  author    = {David Holmes and Joseph Blankenship and Alexis Bouffard and Peggy Dostie},
  title     = {DDoS Mitigation Solutions, Q1 2021},
  journal   = {Forrester Research},
  url       = {https://www.cloudflare.com/forrester-wave-ddos-mitigation-2021/}
}
@misc{sharafaldin_lashkari_ghorbani, 
  title={Search UNB}, 
  url={https://www.unb.ca/cic/datasets/ids-2018.html}, 
  journal={University of New Brunswick est.1785}, 
  author={Sharafaldin, Iman and Lashkari, Arash and Ghorbani, Ali}
}
@misc{devendra_2019, title={DDoS Dataset}, url={https://www.kaggle.com/devendra416/ddos-datasets/activity}, journal={Kaggle}, author={Devendra}, year={2019}, month={Apr}}
@INPROCEEDINGS{8406299,

  author={Nagy, Balázs and Orosz, Péter and Tóthfalusi, Tamás and Kovács, László and Varga, Pál},

  booktitle={NOMS 2018 - 2018 IEEE/IFIP Network Operations and Management Symposium}, 

  title={Detecting DDoS attacks within milliseconds by using FPGA-based hardware acceleration}, 

  year={2018},

  volume={},

  number={},

  pages={1-4},

  doi={10.1109/NOMS.2018.8406299}}
@INPROCEEDINGS{8406124,

  author={Nagy, Balázs and Orosz, Pèter and Varga, Pal},

  booktitle={NOMS 2018 - 2018 IEEE/IFIP Network Operations and Management Symposium}, 

  title={Low-reaction time FPGA-based DDoS detector}, 

  year={2018},

  volume={},

  number={},

  pages={1-2},

  doi={10.1109/NOMS.2018.8406124}}
@misc{juniper, title={Control Plane Distributed Denial-of-Service (DDoS) Protection Overview}, url={https://www.juniper.net/documentation/us/en/software/junos/security-services/topics/concept/subscriber-management-ddos-protection.html}, journal={Control Plane Distributed Denial-of-Service (DDoS) Protection Overview | Security Services Administration Guide | Juniper Networks TechLibrary}} 
 @misc{flowmon, title={DDoS protection for business critical systems}, url={https://www.flowmon.com/en/products/software-modules/ddos-defender}, journal={Flowmon}} 
@ARTICLE{5556740,

  author={Chen, Hao and Chen, Yu and Summerville, Douglas H.},

  journal={IEEE Communications Surveys   Tutorials}, 

  title={A Survey on the Application of FPGAs for Network Infrastructure Security}, 

  year={2011},

  volume={13},

  number={4},

  pages={541-561},

  doi={10.1109/SURV.2011.072210.00075}}
@INPROCEEDINGS{8256030,
  author={Varga, Pál and Kathareios, Georgios and Máté, Akos and Clauberg, Rolf and Anghel, Andreea and Orosz, Péter and Nagy, Balázs and Tóthfalusi, Tamás and Kovács, László and Gusat, Mitch},
  booktitle={2017 13th International Conference on Network and Service Management (CNSM)}, 
  title={Real-time security services for SDN-based datacenters}, 
  year={2017},
  volume={},
  number={},
  pages={1-9},
  doi={10.23919/CNSM.2017.8256030}}

 @misc{corero_2020, title={DDoS Protection and Mitigation Products Ranging from on-prem to cloud}, url={https://www.corero.com/product/smartwall-ddos-protection/}, journal={Corero}, year={2020}, month={Nov}} 
 @misc{kaggle_ddos_1, title={Collaborative learning and DDoS attack detection}, url={https://www.kaggle.com/c/ddosfldetection/data}, journal={Kaggle}} 
  @misc{caida_resource_catalog, url={https://catalog.caida.org/details/dataset/ddos_attack_2007}, journal={CAIDA Resource Catalog}} 
 @misc{cicflowmeter_java, title={Search UNB}, url={https://www.unb.ca/cic/research/applications.html#CICFlowMeter}, journal={University of New Brunswick est.1785}} 
 @INPROCEEDINGS{8424629,

  author={Doshi, Rohan and Apthorpe, Noah and Feamster, Nick},

  booktitle={2018 IEEE Security and Privacy Workshops (SPW)}, 

  title={Machine Learning DDoS Detection for Consumer Internet of Things Devices}, 

  year={2018},

  volume={},

  number={},

  pages={29-35},

  doi={10.1109/SPW.2018.00013}}
@ONLINE {perception21,
    author = "Xelera Technologies",
    title  = "Perception DDoS detection",
    month  = "aug",
    year   = "2021",
    url    = "https://gitlab.xelera.io/xelera/perception/-/tree/xlperception-stable"
}
@ONLINE {fpgafun21,
    author = "Xelera Technologies",
    title  = "General FPGA functions",
    month  = "aug",
    year   = "2021",
    url    = "https://gitlab.xelera.io/xelera/fpga_libraries"
}
@URL {cicflowmeter_python,
    author   = "Hieu Le",
    year     = "2020",
    url = "https://gitlab.com/hieulw/cicflowmeter"
}
@URL {tqchen,
    author   = "T Q Chen",
    year     = "2016",
    url = "https://github.com/dmlc/xgboost/issues/91#issuecomment-66628015"
}
@misc{xgboost, title={XGBoost Parameters¶}, url={https://xgboost.readthedocs.io/en/latest/parameter.html}, journal={XGBoost Parameters - xgboost 1.5.0-dev documentation}} 
